%% This BibTeX bibliography file was created using BibDesk.
%---------------------------------------------------------------------------------

@ARTICLE{2011ARA&A..49...67W,
   author = {{Williams}, J.~P. and {Cieza}, L.~A.},
    title = "{Protoplanetary Disks and Their Evolution}",
  journal = {\araa},
archivePrefix = "arXiv",
   eprint = {1103.0556},
 primaryClass = "astro-ph.GA",
     year = 2011,
    month = sep,
   volume = 49,
    pages = {67-117},
      doi = {10.1146/annurev-astro-081710-102548},
   adsurl = {http://adsabs.harvard.edu/abs/2011ARA%26A..49...67W},
  adsnote = {Provided by the SAO/NASA Astrophysics Data System}
}

@INPROCEEDINGS{2014SPIE.9147E..1DP,
   author = {{Park}, C. and {Jaffe}, D.~T. and {Yuk}, I.-S. and {Chun}, M.-Y. and 
  {Pak}, S. and {Kim}, K.-M. and {Pavel}, M. and {Lee}, H. and 
  {Oh}, H. and {Jeong}, U. and {Sim}, C.~K. and {Lee}, H.-I. and 
  {Nguyen Le}, H.~A. and {Strubhar}, J. and {Gully-Santiago}, M. and 
  {Oh}, J.~S. and {Cha}, S.-M. and {Moon}, B. and {Park}, K. and 
  {Brooks}, C. and {Ko}, K. and {Han}, J.-Y. and {Nah}, J. and 
  {Hill}, P.~C. and {Lee}, S. and {Barnes}, S. and {Yu}, Y.~S. and 
  {Kaplan}, K. and {Mace}, G. and {Kim}, H. and {Lee}, J.-J. and 
  {Hwang}, N. and {Park}, B.-G.},
    title = "{Design and early performance of IGRINS (Immersion Grating Infrared Spectrometer)}",
booktitle = {Society of Photo-Optical Instrumentation Engineers (SPIE) Conference Series},
     year = 2014,
   series = {Society of Photo-Optical Instrumentation Engineers (SPIE) Conference Series},
   volume = 9147,
    month = jul,
      eid = {91471D},
    pages = {1},
      doi = {10.1117/12.2056431},
   adsurl = {http://adsabs.harvard.edu/abs/2014SPIE.9147E..1DP},
  adsnote = {Provided by the SAO/NASA Astrophysics Data System}
}


@INPROCEEDINGS{2012SPIE.8450E..2SG,
   author = {{Gully-Santiago}, M. and {Wang}, W. and {Deen}, C. and {Jaffe}, D.
  },
    title = "{Near-infrared metrology of high-performance silicon immersion gratings}",
booktitle = {Society of Photo-Optical Instrumentation Engineers (SPIE) Conference Series},
     year = 2012,
   series = {Society of Photo-Optical Instrumentation Engineers (SPIE) Conference Series},
   volume = 8450,
    month = sep,
      eid = {84502S},
    pages = {2},
      doi = {10.1117/12.926434},
   adsurl = {http://adsabs.harvard.edu/abs/2012SPIE.8450E..2SG},
  adsnote = {Provided by the SAO/NASA Astrophysics Data System}
}


@ARTICLE{1987AJ.....93..907H,
   author = {{Hartmann}, L.~W. and {Soderblom}, D.~R. and {Stauffer}, J.~R.
  },
    title = "{Rotation and kinematics of the premain-sequence stars in Taurus-Auriga with CA II emission}",
  journal = {\aj},
 keywords = {Calcium, Pre-Main Sequence Stars, Radial Velocity, Stellar Motions, Stellar Rotation, T Tauri Stars, Abundance, Late Stars, Line Spectra, Star Formation, Stellar Mass},
     year = 1987,
    month = apr,
   volume = 93,
    pages = {907-912},
      doi = {10.1086/114376},
   adsurl = {http://cdsads.u-strasbg.fr/abs/1987AJ.....93..907H},
  adsnote = {Provided by the SAO/NASA Astrophysics Data System}
}

@ARTICLE{1986AJ.....91..575H,
   author = {{Herbig}, G.~H. and {Vrba}, F.~J. and {Rydgren}, A.~E.},
    title = "{A spectroscopic survey of the Taurus-Auriga dark clouds for pre-main-sequence stars having CA II H, K emission}",
  journal = {\aj},
 keywords = {Calcium, Emission Spectra, H Lines, K Lines, Pre-Main Sequence Stars, Stellar Spectra, T Tauri Stars, H Alpha Line, Radial Velocity, Stellar Luminosity, Stellar Spectrophotometry},
     year = 1986,
    month = mar,
   volume = 91,
    pages = {575-582},
      doi = {10.1086/114039},
   adsurl = {http://cdsads.u-strasbg.fr/abs/1986AJ.....91..575H},
  adsnote = {Provided by the SAO/NASA Astrophysics Data System}
}


@ARTICLE{1988AJ.....96..777D,
   author = {{Downes}, R.~A. and {Keyes}, C.~D.},
    title = "{Spectroscopic observations of H-alpha emission stars from the Stephenson and Stephenson-Sanduleak lists}",
  journal = {\aj},
 keywords = {Balmer Series, Cataclysmic Variables, H Alpha Line, Stellar Spectra, Symbiotic Stars, T Tauri Stars, Astronomical Spectroscopy, B Stars, Carbon Stars, M Stars, Nitric Oxide, Planetary Nebulae, Seyfert Galaxies},
     year = 1988,
    month = aug,
   volume = 96,
    pages = {777-790},
      doi = {10.1086/114846},
   adsurl = {http://cdsads.u-strasbg.fr/abs/1988AJ.....96..777D},
  adsnote = {Provided by the SAO/NASA Astrophysics Data System}
}

@ARTICLE{1989AJ.....98.1444S,
   author = {{Strom}, K.~M. and {Wilkin}, F.~P. and {Strom}, S.~E. and {Seaman}, R.~L.
  },
    title = "{Lithium abundances among solar-type pre-main-sequence stars}",
  journal = {\aj},
 keywords = {Abundance, Lithium, Metallicity, Pre-Main Sequence Stars, Spectral Line Width, Stellar Composition, Astronomical Catalogs, Data Sampling, H Alpha Line, Hertzsprung-Russell Diagram},
     year = 1989,
    month = oct,
   volume = 98,
    pages = {1444-1450},
      doi = {10.1086/115230},
   adsurl = {http://cdsads.u-strasbg.fr/abs/1989AJ.....98.1444S},
  adsnote = {Provided by the SAO/NASA Astrophysics Data System}
}

@ARTICLE{1993AJ....106.1608V,
   author = {{Vrba}, F.~J. and {Chugainov}, P.~F. and {Weaver}, W.~B. and 
  {Stauffer}, J.~S.},
    title = "{Photometric and spectroscopic monitoring of AA Tau, DN Tau, UX Tau A, T Tau, RY Tau, LK CA 4, and LK CA 7}",
  journal = {\aj},
 keywords = {Emission Spectra, Stellar Color, Stellar Spectra, T Tauri Stars, Light Curve, Line Spectra, Stellar Spectrophotometry, Stellar Temperature},
     year = 1993,
    month = oct,
   volume = 106,
    pages = {1608-1626},
      doi = {10.1086/116751},
   adsurl = {http://cdsads.u-strasbg.fr/abs/1993AJ....106.1608V},
  adsnote = {Provided by the SAO/NASA Astrophysics Data System}
}

@ARTICLE{1994IBVS.4042....1G,
   author = {{Grankin}, K.~N.},
    title = "{On the Stability of Spotted Regions on Stellar Surfaces of Weak-Line T Tauri Stars}",
  journal = {Information Bulletin on Variable Stars},
     year = 1994,
    month = jun,
   volume = 4042,
   adsurl = {http://cdsads.u-strasbg.fr/abs/1994IBVS.4042....1G},
  adsnote = {Provided by the SAO/NASA Astrophysics Data System}
}


@ARTICLE{1993A&A...278..129L,
   author = {{Leinert}, C. and {Zinnecker}, H. and {Weitzel}, N. and {Christou}, J. and 
  {Ridgway}, S.~T. and {Jameson}, R. and {Haas}, M. and {Lenzen}, R.
  },
    title = "{A systematic approach for young binaries in Taurus}",
  journal = {\aap},
 keywords = {Binary Stars, Pre-Main Sequence Stars, Sky Surveys (Astronomy), Taurus Constellation, Main Sequence Stars, Spatial Distribution, Star Formation, Stellar Evolution},
     year = 1993,
    month = oct,
   volume = 278,
    pages = {129-149},
   adsurl = {http://cdsads.u-strasbg.fr/abs/1993A%26A...278..129L},
  adsnote = {Provided by the SAO/NASA Astrophysics Data System}
}

@ARTICLE{1994ApJ...424..237S,
   author = {{Strom}, K.~M. and {Strom}, S.~E.},
    title = "{A multiwavelength study of star formation in the L1495E cloud in Taurus}",
  journal = {\apj},
   eprint = {astro-ph/9309037},
 keywords = {Interstellar Matter, Molecular Clouds, Pre-Main Sequence Stars, Star Formation, Stellar Envelopes, X Ray Astronomy, Accretion Disks, Hertzsprung-Russell Diagram, Stellar Spectrophotometry},
     year = 1994,
    month = mar,
   volume = 424,
    pages = {237-256},
      doi = {10.1086/173886},
   adsurl = {http://cdsads.u-strasbg.fr/abs/1994ApJ...424..237S},
  adsnote = {Provided by the SAO/NASA Astrophysics Data System}
}


@ARTICLE{1989AJ.....97.1451S,
   author = {{Strom}, K.~M. and {Strom}, S.~E. and {Edwards}, S. and {Cabrit}, S. and 
  {Skrutskie}, M.~F.},
    title = "{Circumstellar material associated with solar-type pre-main-sequence stars - A possible constraint on the timescale for planet building}",
  journal = {\aj},
 keywords = {Pre-Main Sequence Stars, Stellar Envelopes, Stellar Spectrophotometry, T Tauri Stars, Frequency Distribution, H Alpha Line, Infrared Spectra, Spectral Energy Distribution, Star Formation},
     year = 1989,
    month = may,
   volume = 97,
    pages = {1451-1470},
      doi = {10.1086/115085},
   adsurl = {http://adsabs.harvard.edu/abs/1989AJ.....97.1451S},
  adsnote = {Provided by the SAO/NASA Astrophysics Data System}
}

@ARTICLE{1994A&A...282..503M,
   author = {{Martin}, E.~L. and {Rebolo}, R. and {Magazzu}, A. and {Pavlenko}, Y.~V.
  },
    title = "{Pre-main sequence lithium burning. 1: Weak T Tauri stars}",
  journal = {\aap},
   eprint = {astro-ph/9308047},
 keywords = {Abundance, H Alpha Line, Lithium, Statistical Distributions, Stellar Spectrophotometry, T Tauri Stars, Ultraviolet Photometry, Angular Momentum, Charge Coupled Devices, Hertzsprung-Russell Diagram, Stellar Evolution, Stellar Luminosity, Stellar Rotation, Telescopes},
     year = 1994,
    month = feb,
   volume = 282,
    pages = {503-517},
   adsurl = {http://cdsads.u-strasbg.fr/abs/1994A%26A...282..503M},
  adsnote = {Provided by the SAO/NASA Astrophysics Data System}
}

@ARTICLE{1995ApJS..101..117K,
   author = {{Kenyon}, S.~J. and {Hartmann}, L.},
    title = "{Pre-Main-Sequence Evolution in the Taurus-Auriga Molecular Cloud}",
  journal = {\apjs},
 keywords = {INFRARED: STARS, ISM: CLOUDS, STARS: EVOLUTION, STARS: LUMINOSITY FUNCTION, MASS FUNCTION, STARS: PRE-MAIN-SEQUENCE},
     year = 1995,
    month = nov,
   volume = 101,
    pages = {117},
      doi = {10.1086/192235},
   adsurl = {http://cdsads.u-strasbg.fr/abs/1995ApJS..101..117K},
  adsnote = {Provided by the SAO/NASA Astrophysics Data System}
}

@ARTICLE{1995ApJ...452..736H,
   author = {{Hartigan}, P. and {Edwards}, S. and {Ghandour}, L.},
    title = "{Disk Accretion and Mass Loss from Young Stars}",
  journal = {\apj},
 keywords = {ACCRETION, ACCRETION DISKS, STARS: CIRCUMSTELLAR MATTER, STARS: FORMATION, STARS: MASS LOSS, STARS: PRE-MAIN-SEQUENCE},
     year = 1995,
    month = oct,
   volume = 452,
    pages = {736},
      doi = {10.1086/176344},
   adsurl = {http://cdsads.u-strasbg.fr/abs/1995ApJ...452..736H},
  adsnote = {Provided by the SAO/NASA Astrophysics Data System}
}
